<record><leader>00000cas a22000007a 4500</leader><controlfield tag="001">28731157</controlfield><controlfield tag="008">930901c19819999scuwr ne      0    0eng d</controlfield><datafield ind1=" " ind2=" " tag="010"><subfield code="a">sn 93067941 </subfield></datafield><datafield ind1=" " ind2=" " tag="040"><subfield code="a">SVN</subfield><subfield code="b">eng</subfield><subfield code="c">SVN</subfield><subfield code="d">OCLCQ</subfield></datafield><datafield ind1=" " ind2=" " tag="042"><subfield code="a">msc</subfield></datafield><datafield ind1="0" ind2="0" tag="245"><subfield code="a">Allendale County citizen leader.</subfield></datafield><datafield ind1=" " ind2=" " tag="260"><subfield code="a">Allendale, S.C. :</subfield><subfield code="b">Linda W. Mixson</subfield></datafield><datafield ind1=" " ind2=" " tag="300"><subfield code="a">v.</subfield></datafield><datafield ind1=" " ind2=" " tag="310"><subfield code="a">Weekly</subfield></datafield><datafield ind1="1" ind2=" " tag="362"><subfield code="a">Began in 1981.</subfield></datafield><datafield ind1=" " ind2=" " tag="588"><subfield code="a">Description based on: Vol. 64, no. 40 (Dec. 12, 1984).</subfield></datafield><datafield ind1=" " ind2="4" tag="651"><subfield code="a">Allendale County (S.C.)</subfield><subfield code="v">Newspapers.</subfield></datafield><datafield ind1=" " ind2=" " tag="752"><subfield code="a">United States</subfield><subfield code="b">South Carolina</subfield><subfield code="c">Allendale</subfield><subfield code="d">Allendale.</subfield></datafield><datafield ind1="0" ind2="4" tag="780"><subfield code="t">Allendale County citizen</subfield><subfield code="w">(DLC)sn 86063798</subfield></datafield><datafield ind1="0" ind2="4" tag="780"><subfield code="t">Allendale County news leader</subfield><subfield code="w">(DLC)sn 93067925</subfield></datafield><datafield ind1="1" ind2=" " tag="029"><subfield code="a">AU@</subfield><subfield code="b">000025896602</subfield></datafield></record>